@article{trautsamwieser2011,
  title={Optimization of daily scheduling for home health care services},
  author={Trautsamwieser, Andrea and Hirsch, Patrick},
  journal={Journal of Applied Operational Research},
  volume={3},
  number={3},
  pages={124--136},
  year={2011}
}


@article{akjiratikarl2007,
  title={{PSO}-based algorithm for home care worker scheduling in the {UK}},
  author={Akjiratikarl, Chananes and Yenradee, Pisal and Drake, Paul R},
  journal={Computers \& Industrial Engineering},
  volume={53},
  number={4},
  pages={559--583},
  year={2007},
  publisher={Elsevier}
}


@article{drexl2012synchronization,
  title={Synchronization in vehicle routing—a survey of VRPs with multiple synchronization constraints},
  author={Drexl, Michael},
  journal={Transportation Science},
  volume={46},
  number={3},
  pages={297--316},
  year={2012},
  publisher={INFORMS}
}

article{fernandez1974,
title={A model for community nursing in a rural county},
author={Fernandez, Aurora and Gregory, G and Hindle, A and Lee, AC},
journal={Journal of the Operational Research Society},
volume={25},
number={2},
pages={231--239},
year={1974},
publisher={Taylor \& Francis}
}

@article{christofides1969,
 ISSN = {14732858},
 URL = {http://www.jstor.org/stable/3008762},
 author = {Nicos Christofides and Samuel Eilon},
 journal = {OR},
 number = {4},
 pages = {437--443},
 publisher = {Operational Research Society},
 title = {Expected Distances in Distribution Problems},
 volume = {20},
 year = {1969}
}

@article{nasri2008,
  title={O envelhecimento populacional no Brasil},
  author={Nasri, Fabio},
  journal={Einstein},
  volume={6},
  number={Supl 1},
  pages={S4--S6},
  year={2008}
}

@misc{ibge_popproj,
  author = {{IBGE}},
  title  = {Brazilian and Federal Unit Estimations of population},
  month  = {aug},
  year   = {2018},
  note   = {Last visited in February (2019).},
  howpublished = {Available in \url{https://www.ibge.gov.br/apps/populacao/projecao/}}
}

@article{russell1986school_bus,
  title={Routing special-education school buses},
  author={Russell, Robert A and Morrel, Reece B},
  journal={Interfaces},
  volume={16},
  number={5},
  pages={56--64},
  year={1986},
  publisher={INFORMS}
}


@article{bock2010multimodal_sync,
  title={Real-time control of freight forwarder transportation networks by integrating multimodal transport chains},
  author={Bock, Stefan},
  journal={European Journal of Operational Research},
  volume={200},
  number={3},
  pages={733--746},
  year={2010},
  publisher={Elsevier}
}

@inproceedings{eberhart1995pso,
  title={A new optimizer using particle swarm theory},
  author={Eberhart, Russell and Kennedy, James},
  booktitle={MHS'95. Proceedings of the Sixth International Symposium on Micro Machine and Human Science},
  pages={39--43},
  year={1995},
  organization={Ieee}
}

@article{fikar2017,
  title={Home health care routing and scheduling: A review},
  author={Fikar, Christian and Hirsch, Patrick},
  journal={Computers \& Operations Research},
  volume={77},
  pages={86--95},
  year={2017},
  publisher={Elsevier}
}

@article{gutierrez2013,
  title={Home health care logistics management problems:
    A critical review of models and methods},
  author={Guti{\'e}rrez, Elena Valentina and Vidal, Carlos Julio},
  journal={Revista Facultad de Ingenier{\'\i}a
    Universidad de Antioquia},
  pages={160--175},
  year={2013},
  publisher={Universidad de Antioquia}
}

@article{sahling2009solving,
  title={Solving a multi-level capacitated lot sizing problem with multi-period setup carry-over via a fix-and-optimize heuristic},
  author={Sahling, Florian and Buschk{\"u}hl, Lisbeth and Tempelmeier, Horst and Helber, Stefan},
  journal={Computers \& Operations Research},
  volume={36},
  number={9},
  pages={2546--2553},
  year={2009},
  publisher={Elsevier}
}

@article{toledo2013hybrid,
  title={A hybrid multi-population genetic algorithm applied to solve the multi-level capacitated lot sizing problem with backlogging},
  author={Toledo, Claudio Fabiano Motta and De Oliveira, Renato Resende Ribeiro and Fran{\c{c}}A, Paulo Morelato},
  journal={Computers \& Operations Research},
  volume={40},
  number={4},
  pages={910--919},
  year={2013},
  publisher={Elsevier}
}

@article{azi2010exact,
  title={An exact algorithm for a vehicle routing problem with time windows and multiple use of vehicles},
  author={Azi, Nabila and Gendreau, Michel and Potvin, Jean-Yves},
  journal={European Journal of Operational Research},
  volume={202},
  number={3},
  pages={756--763},
  year={2010},
  publisher={Elsevier}
}

@article{desaulniers2010,
  title={Branch-and-price-and-cut for the split-delivery vehicle routing problem with time windows},
  author={Desaulniers, Guy},
  journal={Operations research},
  volume={58},
  number={1},
  pages={179--192},
  year={2010},
  publisher={INFORMS}
}

@article{savelsbergh1995,
  title={The general pickup and delivery problem},
  author={Savelsbergh, Martin WP and Sol, Marc},
  journal={Transportation science},
  volume={29},
  number={1},
  pages={17--29},
  year={1995},
  publisher={INFORMS}
}

@article{cordeau2007,
  title={The dial-a-ride problem: models and algorithms},
  author={Cordeau, Jean-Fran{\c{c}}ois and Laporte, Gilbert},
  journal={Annals of operations research},
  volume={153},
  number={1},
  pages={29--46},
  year={2007},
  publisher={Springer}
}

@article{bredstrom2008,
  title={Combined vehicle routing and scheduling with temporal precedence and synchronization constraints},
  author={Bredstr{\"o}m, David and R{\"o}nnqvist, Mikael},
  journal={European journal of operational research},
  volume={191},
  number={1},
  pages={19--31},
  year={2008},
  publisher={Elsevier}
}

@article{rasmussen2012,
  title={The home care crew scheduling problem: Preference-based visit clustering and temporal dependencies},
  author={Rasmussen, Matias Sevel and Justesen, Tor and Dohn, Anders and Larsen, Jesper},
  journal={European Journal of Operational Research},
  volume={219},
  number={3},
  pages={598--610},
  year={2012},
  publisher={Elsevier}
}

@article{mankowska2014,
  title={The home health care routing and scheduling problem with interdependent services},
  author={Mankowska, Dorota Slawa and Meisel, Frank and Bierwirth, Christian},
  journal={Health care management science},
  volume={17},
  number={1},
  pages={15--30},
  year={2014},
  publisher={Springer}
}

@article{drexl2012,
  title={Synchronization in vehicle routing—a survey of VRPs with multiple synchronization constraints},
  author={Drexl, Michael},
  journal={Transportation Science},
  volume={46},
  number={3},
  pages={297--316},
  year={2012},
  publisher={INFORMS}
}

@article{laporte1992,
  title={The vehicle routing problem: An overview of exact and approximate algorithms},
  author={Laporte, Gilbert},
  journal={European journal of operational research},
  volume={59},
  number={3},
  pages={345--358},
  year={1992},
  publisher={Elsevier}
}

@article{rousseau2004,
  title={Solving VRPTWs with constraint programming based column generation},
  author={Rousseau, Louis-Martin and Gendreau, Michel and Pesant, Gilles and Focacci, Filippo},
  journal={Annals of Operations Research},
  volume={130},
  number={1-4},
  pages={199--216},
  year={2004},
  publisher={Springer}
}

@article{dayarian2015,
  title={A column generation approach for a multi-attribute vehicle routing problem},
  author={Dayarian, Iman and Crainic, Teodor Gabriel and Gendreau, Michel and Rei, Walter},
  journal={European Journal of Operational Research},
  volume={241},
  number={3},
  pages={888--906},
  year={2015},
  publisher={Elsevier}
}

@article{desrochers1992,
  title={A new optimization algorithm for the vehicle routing problem with time windows},
  author={Desrochers, Martin and Desrosiers, Jacques and Solomon, Marius},
  journal={Operations research},
  volume={40},
  number={2},
  pages={342--354},
  year={1992},
  publisher={INFORMS}
}

@book{toth2002,
  title={The vehicle routing problem},
  author={Toth, Paolo and Vigo, Daniele},
  year={2002},
  publisher={SIAM}
}

@article{cisse2017,
  title={OR problems related to Home Health Care: A review of relevant routing and scheduling problems},
  author={Ciss{\'e}, Mohamed and Yal{\c{c}}{\i}nda{\u{g}}, Semih and Kergosien, Yannick and {\c{S}}ahin, Evren and Lent{\'e}, Christophe and Matta, Andrea},
  journal={Operations Research for Health Care},
  volume={13},
  pages={1--22},
  year={2017},
  publisher={Elsevier}
}

@article{grenouilleau2019,
  title={A set partitioning heuristic for the home health care routing and scheduling problem},
  author={Grenouilleau, Florian and Legrain, Antoine and Lahrichi, Nadia and Rousseau, Louis-Martin},
  journal={European Journal of Operational Research},
  volume={275},
  number={1},
  pages={295--303},
  year={2019},
  publisher={Elsevier}
}


@article{eveborn2006,
  title={Laps Care--an operational system for
    staff planning of home care},
  author={Eveborn, Patrik and Flisberg, Patrik and
    R{\"o}nnqvist, Mikael},
  journal={European Journal of Operational Research},
  volume={171},
  number={3},
  pages={962--976},
  year={2006},
  publisher={Elsevier}
}

@article{fernandez1974,
title={A model for community nursing in a rural county},
author={Fernandez, Aurora and Gregory, G and Hindle, A and Lee, AC},
journal={Journal of the Operational Research Society},
volume={25},
number={2},
pages={231--239},
year={1974},
publisher={Taylor \& Francis}
}

@article{christofides1969,
 ISSN = {14732858},
 URL = {http://www.jstor.org/stable/3008762},
 author = {Nicos Christofides and Samuel Eilon},
 journal = {OR},
 number = {4},
 pages = {437--443},
 publisher = {Operational Research Society},
 title = {Expected Distances in Distribution Problems},
 volume = {20},
 year = {1969}
}

@article{nasri2008,
  title={O envelhecimento populacional no Brasil},
  author={Nasri, Fabio},
  journal={Einstein},
  volume={6},
  number={Supl 1},
  pages={S4--S6},
  year={2008}
}

@article{bock2010multimodal_sync,
  title={Real-time control of freight forwarder transportation networks by integrating multimodal transport chains},
  author={Bock, Stefan},
  journal={European Journal of Operational Research},
  volume={200},
  number={3},
  pages={733--746},
  year={2010},
  publisher={Elsevier}
}


@MISC{melhorEmCasa,
    author       = {{Ministério da Saúde}},
    title        = {Serviço de Atenção Domiciliar ``Melhor em Casa''},
    howpublished = {Available in \url{http://portalms.saude.gov.br/acoes-e-programas/melhor-em-casa-servico-de-atencao-domiciliar/melhor-em-casa}},
    month        = {dec},
    year         = {2013},
    note         = {Last visited in January (2019).}
}

@inproceedings{eberhart1995pso,
  title={A new optimizer using particle swarm theory},
  author={Eberhart, Russell and Kennedy, James},
  booktitle={MHS'95. Proceedings of the Sixth International Symposium on Micro Machine and Human Science},
  pages={39--43},
  year={1995},
  organization={Ieee}
}

@article{dorneles2014fix,
  title={A fix-and-optimize heuristic for the high school timetabling problem},
  author={Dorneles, {\'A}rton P and de Ara{\'u}jo, Olinto CB and Buriol, Luciana S},
  journal={Computers \& Operations Research},
  volume={52},
  pages={29--38},
  year={2014},
  publisher={Elsevier}
}

@article{sahling2009solving,
  title={Solving a multi-level capacitated lot sizing problem with multi-period setup carry-over via a fix-and-optimize heuristic},
  author={Sahling, Florian and Buschk{\"u}hl, Lisbeth and Tempelmeier, Horst and Helber, Stefan},
  journal={Computers \& Operations Research},
  volume={36},
  number={9},
  pages={2546--2553},
  year={2009},
  publisher={Elsevier}
}

@article{toledo2013hybrid,
  title={A hybrid multi-population genetic algorithm applied to solve the multi-level capacitated lot sizing problem with backlogging},
  author={Toledo, Claudio Fabiano Motta and De Oliveira, Renato Resende Ribeiro and Fran{\c{c}}A, Paulo Morelato},
  journal={Computers \& Operations Research},
  volume={40},
  number={4},
  pages={910--919},
  year={2013},
  publisher={Elsevier}
}

@article{azi2010exact,
  title={An exact algorithm for a vehicle routing problem with time windows and multiple use of vehicles},
  author={Azi, Nabila and Gendreau, Michel and Potvin, Jean-Yves},
  journal={European Journal of Operational Research},
  volume={202},
  number={3},
  pages={756--763},
  year={2010},
  publisher={Elsevier}
}

@article{desaulniers2010,
  title={Branch-and-price-and-cut for the split-delivery vehicle routing problem with time windows},
  author={Desaulniers, Guy},
  journal={Operations research},
  volume={58},
  number={1},
  pages={179--192},
  year={2010},
  publisher={INFORMS}
}


@article{chen2015,
  title={Fix-and-optimize and variable neighborhood search approaches for multi-level capacitated lot sizing problems},
  author={Chen, Haoxun},
  journal={Omega},
  volume={56},
  pages={25--36},
  year={2015},
  publisher={Elsevier}
}

@book{desaulniers2006,
  title={Column generation},
  author={Desaulniers, Guy and Desrosiers, Jacques and Solomon, Marius M},
  volume={5},
  year={2006},
  publisher={Springer Science \& Business Media}
}

@article{berger2004,
  title={A parallel hybrid genetic algorithm for the vehicle routing problem with time windows},
  author={Berger, Jean and Barkaoui, Mohamed},
  journal={Computers \& operations research},
  volume={31},
  number={12},
  pages={2037--2053},
  year={2004},
  publisher={Elsevier}
}

@article{toso2015,
  title={A C++ application programming interface for biased random-key genetic algorithms},
  author={Toso, Rodrigo F and Resende, Mauricio GC},
  journal={Optimization Methods and Software},
  volume={30},
  number={1},
  pages={81--93},
  year={2015},
  publisher={Taylor \& Francis}
}


@article{gonccalves2012,
  title={A parallel multi-population biased random-key genetic algorithm for a container loading problem},
  author={Gon{\c{c}}alves, Jos{\'e} Fernando and Resende, Mauricio GC},
  journal={Computers \& Operations Research},
  volume={39},
  number={2},
  pages={179--190},
  year={2012},
  publisher={Elsevier}
}

@article{chaves2016,
  title={Hybrid method with CS and BRKGA applied to the minimization of tool switches problem},
  author={Chaves, Antonio Augusto and Lorena, Luiz Antonio Nogueira and Senne, Edson Luiz Fran{\c{c}}a and Resende, Mauricio GC},
  journal={Computers \& Operations Research},
  volume={67},
  pages={174--183},
  year={2016},
  publisher={Elsevier}
}

@inproceedings{valenzuela2019,
  title={A combination of two simple decoding strategies for the no-wait job shop scheduling problem},
  author={Valenzuela, V{\'\i}ctor M and Brizuela, Carlos A and Cos{\'\i}o-Le{\'o}n, MA and Romero-Oca{\~n}o, A Danisa},
  booktitle={Proceedings of the Genetic and Evolutionary Computation Conference},
  pages={864--871},
  year={2019}
}

@article{gonccalves2011,
  title={A biased random-key genetic algorithm with forward-backward improvement for the resource constrained project scheduling problem},
  author={Gon{\c{c}}alves, Jos{\'e} Fernando and Resende, Mauricio GC and Mendes, Jorge JM},
  journal={Journal of Heuristics},
  volume={17},
  number={5},
  pages={467--486},
  year={2011},
  publisher={Springer}
}

@article{buriol2010,
  title={A biased random-key genetic algorithm for road congestion minimization},
  author={Buriol, Luciana S and Hirsch, Michael J and Pardalos, Panos M and Querido, Tania and Resende, Mauricio GC and Ritt, Marcus},
  journal={Optimization Letters},
  volume={4},
  number={4},
  pages={619--633},
  year={2010},
  publisher={Springer}
}

@article{gonccalves2013,
  title={A biased random key genetic algorithm for 2D and 3D bin packing problems},
  author={Gon{\c{c}}alves, Jos{\'e} Fernando and Resende, Mauricio GC},
  journal={International Journal of Production Economics},
  volume={145},
  number={2},
  pages={500--510},
  year={2013},
  publisher={Elsevier}
}


@article{bean1994,
  title={Genetic algorithms and random keys for sequencing and optimization},
  author={Bean, James C.},
  journal={ORSA journal on Computing},
  volume={6},
  number={2},
  pages={154--160},
  year={1994},
  publisher={INFORMS}
}

@INPROCEEDINGS {neto2019,
	 author= "Kummer, Alberto F and Buriol, Luciana S and de Ara{\'u}jo, Olinto CB",
    title     = "A Matheuristic Algorithm Applied to the Home Health Care Problem",
    booktitle = "Eletronic Proceedings of the {LI} Brazilian Operational Research Symposium",
    year      = "2019",
    volume    = "2",
    note      = "Available in \url{https://proceedings.science/sbpo-2019/papers/a-matheuristic-algorithm-applied-to-the-home-health-care-problem?lang=en}"
}

@article{lopez2016,
  title={The irace package: Iterated racing for automatic algorithm configuration},
  author={L{\'o}pez-Ib{\'a}{\~n}ez, Manuel and Dubois-Lacoste, J{\'e}r{\'e}mie and C{\'a}ceres, Leslie P{\'e}rez and Birattari, Mauro and St{\"u}tzle, Thomas},
  journal={Operations Research Perspectives},
  volume={3},
  pages={43--58},
  year={2016},
  publisher={Elsevier}
}

@incollection{karp1972,
  title={Reducibility among combinatorial problems},
  author={Karp, Richard M},
  booktitle={Complexity of computer computations},
  pages={85--103},
  year={1972},
  publisher={Springer}
}

@article{el2010,
  title={Vehicle routing with time windows: An overview of exact, heuristic and metaheuristic methods},
  author={El-Sherbeny, Nasser A},
  journal={Journal of King Saud University-Science},
  volume={22},
  number={3},
  pages={123--131},
  year={2010},
  publisher={Elsevier}
}

@article{schwarze2013,
  title={Improved load balancing and resource utilization for the skill vehicle routing problem},
  author={Schwarze, Silvia and Vo{\ss}, Stefan},
  journal={Optimization Letters},
  volume={7},
  number={8},
  pages={1805--1823},
  year={2013},
  publisher={Springer}
}

@book{eiben2003,
  title={Introduction to evolutionary computing},
  author={Eiben, Agoston E and Smith, James E and others},
  volume={53},
  year={2003},
  publisher={Springer}
}

@book{glover2006,
  title={Handbook of metaheuristics},
  author={Glover, Fred W and Kochenberger, Gary A},
  volume={57},
  year={2006},
  publisher={Springer Science \& Business Media}
}

@book{gendreau2010,
  title={Handbook of metaheuristics},
  author={Gendreau, Michel and Potvin, Jean-Yves and others},
  volume={2},
  year={2010},
  publisher={Springer}
}

@article{haddadene2016,
   title = "A GRASP $\times$ ILS for the vehicle routing problem with time windows, synchronization and precedence constraints",
   journal = "Expert Systems with Applications",
   volume = "66",
   pages = "274--294",
   year = "2016",
   issn = "0957--4174",
   author = "Ait Haddadene, Syrine Roufaida and Labadie, Nacima and Prodhon, Caroline "
}

@techreport{cheng1998,
  title={A home health care routing and scheduling problem},
  author={Cheng, Eddie and Rich, Jennifer Lynn},
  year={1998},
  institution={Computational and Applied Mathematics (CAAM) Technical Reports--Rice University},
  note={Available in \url{https://hdl.handle.net/1911/101899}}
}

@article{blais2003,
  title={Solving a home--care districting problem in an urban setting},
  author={Blais, Marko and Lapierre, Sophie D. and Laporte, Gilbert},
  journal={Journal of the operational research society},
  volume={54},
  number={11},
  pages={1141--1147},
  year={2003},
  publisher={Taylor \& Francis}
}

@article{benzarti2013,
   title   = {Operations management applied to home care services: Analysis of the districting problem},
   journal = {Decision Support Systems},
   volume  = {55},
   number  = {2},
   pages   = {587 - 598},
   year    = {2013},
   issn    = {0167-9236},
   author  = {Benzarti, Emna and Sahin, Evren and Dallery, Yves},
}

@article{melo2009,
   title = {Facility location and supply chain management --- A review},
   journal = {European Journal of Operational Research},
   volume = {196},
   number = {2},
   pages = {401 - 412},
   year = {2009},
   issn = {0377-2217},
   doi = {https://doi.org/10.1016/j.ejor.2008.05.007},
   url = {http://www.sciencedirect.com/science/article/pii/S0377221708004104},
   author = {Melo, M.T. and Nickel, S. and {SALDANHA-DA-GAMA}, F.},
}

@incollection{daskin2005,
  title={Location of health care facilities},
  author={Daskin, Mark S and Dean, Latoya K},
  booktitle={Operations research and health care},
  pages={43--76},
  year={2005},
  publisher={Springer}
}

@article{pezzella1981,
  title={A system approach to the optimal health-care districting},
  author={Pezzella, Ferdinando and Bonanno, Roberto and Nicoletti, Bernardo},
  journal={European journal of operational research},
  volume={8},
  number={2},
  pages={139--146},
  year={1981},
  publisher={Elsevier}
}

@article{hulshof2012,
  title={Taxonomic classification of planning decisions in health care: a structured review of the state of the art in OR/MS},
  author={Hulshof, Peter JH and Kortbeek, Nikky and Boucherie, Richard J and Hans, Erwin W and Bakker, Piet JM},
  journal={Health systems},
  volume={1},
  number={2},
  pages={129--175},
  year={2012},
  publisher={Taylor \& Francis}
}

@article{chahed2009,
  title={Exploring new operational research opportunities within the home care context: the chemotherapy at home},
  author={Chahed, Salma and Marcon, Eric and Sahin, Evren and Feillet, Dominique and Dallery, Yves},
  journal={Health Care Management Science},
  volume={12},
  number={2},
  pages={179--191},
  year={2009},
  publisher={Springer}
}

@article{xie2007,
  title={A simple graphical decision aid for the placement of elderly people in long-term care},
  author={Xie, Haifeng and Chaussalet, Thierry J and Thompson, Wayne A and Millard, Peter H},
  journal={Journal of the Operational Research Society},
  volume={58},
  number={4},
  pages={446--453},
  year={2007},
  publisher={Taylor \& Francis}
}

@article{lahrichi2006,
  title={Analysis of a territorial approach to the delivery of nursing home care services based on historical data},
  author={Lahrichi, Nadia and Lapierre, SD and Hertz, Alain and Talib, A and Bouvier, L},
  journal={Journal of medical systems},
  volume={30},
  number={4},
  pages={283--291},
  year={2006},
  publisher={Springer}
}
@article{de-angelis1998,
  title={Planning home assistance for {AIDS} patients in the city of {R}ome, {I}taly},
  author={{DE ANGELIS}, Vanda},
  journal={Interfaces},
  volume={28},
  number={3},
  pages={75--83},
  year={1998},
  publisher={INFORMS}
}

@article{ernst2004,
  title={Staff scheduling and rostering: A review of applications, methods and models},
  author={Ernst, Andreas T and Jiang, Houyuan and Krishnamoorthy, Mohan and Sier, David},
  journal={European journal of operational research},
  volume={153},
  number={1},
  pages={3--27},
  year={2004},
  publisher={Elsevier}
}

@article{fikar2018,
  title={Evaluation of trip and car sharing concepts for home health care services},
  author={Fikar, Christian and Hirsch, Patrick},
  journal={Flexible Services and Manufacturing Journal},
  volume={30},
  number={1-2},
  pages={78--97},
  year={2018},
  publisher={Springer}
}

@article{emiliano2017,
  title={Home health care logistics planning: a review and framework},
  author={Emiliano, W and Telhada, Jos{\'e} and do Sameiro Carvalho, M},
  journal={Procedia Manufacturing},
  volume={13},
  pages={948--955},
  year={2017},
  publisher={Elsevier}
}

@article{lanzarone2012,
  title={Operations management applied to home care services: the problem of assigning human resources to patients},
  author={Lanzarone, Ettore and Matta, Andrea and Sahin, Evren},
  journal={IEEE Transactions on Systems, Man, and Cybernetics-Part A: Systems and Humans},
  volume={42},
  number={6},
  pages={1346--1363},
  year={2012},
  publisher={IEEE}
}

@inproceedings{borsani2006,
  title={A home care scheduling model for human resources},
  author={Borsani, Valeria and Matta, Andrea and Beschi, Giacomo and Sommaruga, Francesco},
  booktitle={2006 International conference on service systems and service management},
  volume={1},
  pages={449--454},
  year={2006},
  organization={IEEE}
}

@incollection{turner2010,
  title={Perspectives on health-care resource management problems},
  author={Turner, Jonathan and Mehrotra, Sanjay and Daskin, Mark S},
  booktitle={A Long View of Research and Practice in Operations Research and Management Science},
  pages={231--247},
  year={2010},
  publisher={Springer}
}

@article{castillo2016,
  title={Workforce scheduling and routing problems: literature survey and computational study},
  author={Castillo-Salazar, J Arturo and Landa-Silva, Dario and Qu, Rong},
  journal={Annals of Operations Research},
  volume={239},
  number={1},
  pages={39--67},
  year={2016},
  publisher={Springer}
}

@article{fikar2015,
    title={A matheuristic for routing real-world home service transport systems facilitating walking},
    author={Fikar, Christian and Hirsch, Patrick},
    journal={Journal of Cleaner Production},
    volume={105},
    pages={300--310},
    year={2015},
    publisher={Elsevier}
}

@article{bertels2006,
    title={A hybrid setup for a hybrid scenario: combining heuristics for the home health care problem},
    author={Bertels, Stefan and Fahle, Torsten},
    journal={Computers \& Operations Research},
    volume={33},
    number={10},
    pages={2866--2890},
    year={2006},
    publisher={Elsevier}
}

@article{frifita2017,
    title={General variable neighborhood search for home healthcare routing and scheduling problem with time windows and synchronized visits},
    author={Frifita, Sana and Masmoudi, Malek and Euchi, Jalel},
    journal={Electronic Notes in Discrete Mathematics},
    volume={58},
    pages={63--70},
    year={2017},
    publisher={Elsevier}
}

@article{frifita2020,
    title={VNS methods for home care routing and scheduling problem with temporal dependencies, and multiple structures and specialties},
    author={Frifita, Sana and Masmoudi, Malek},
    journal={International Transactions in Operational Research},
    volume={27},
    number={1},
    pages={291--313},
    year={2020},
    publisher={Wiley Online Library}
}

@incollection{milburn2012,
    title={Operations research applications in home healthcare},
    author={Milburn, Ashlea Bennett},
    booktitle={Handbook of Healthcare System Scheduling},
    pages={281--302},
    year={2012},
    publisher={Springer}
}

@article{braekers2016,
    title={A bi-objective home care scheduling problem: Analyzing the trade-off between costs and client inconvenience},
    author={Braekers, Kris and Hartl, Richard F and Parragh, Sophie N and Tricoire, Fabien},
    journal={European Journal of Operational Research},
    volume={248},
    number={2},
    pages={428--443},
    year={2016},
    publisher={Elsevier}
}

@article{zhan2018,
   title={Vehicle routing and appointment scheduling with team assignment for home services},
   author={Zhan, Yang and Wan, Guohua},
   journal={Computers \& Operations Research},
   volume={100},
   pages={1--11},
   year={2018},
   publisher={Elsevier}
}

@article{rais2011,
   title={Operations research in healthcare: a survey},
   author={Rais, Abdur and Viana, Ana},
   journal={International transactions in operational research},
   volume={18},
   number={1},
   pages={1--31},
   year={2011},
   publisher={Wiley Online Library}
}

@article{landers2016,
   title={The future of home health care: a strategic framework for optimizing value},
   author={Landers, Steven and Madigan, Elizabeth and Leff, Bruce and Rosati, Robert J and McCann, Barbara A and Hornbake, Rodney and MacMillan, Richard and Jones, Kate and Bowles, Kathryn and Dowding, Dawn and others},
   journal={Home health care management \& practice},
   volume={28},
   number={4},
   pages={262--278},
   year={2016},
   publisher={SAGE Publications Sage CA: Los Angeles, CA}
}

@article{liu2014,
   title={Hybridization of tabu search with feasible and infeasible local searches for periodic home health care logistics},
   author={Liu, Ran and Xie, Xiaolan and Garaix, Thierry},
   journal={Omega},
   volume={47},
   pages={17--32},
   year={2014},
   publisher={Elsevier}
}

@article{redjem2016,
   title={Operations management in the home care services: a heuristic for the caregivers’ routing problem},
   author={Redjem, Rabeh and Marcon, Eric},
   journal={Flexible Services and Manufacturing Journal},
   volume={28},
   number={1-2},
   pages={280--303},
   year={2016},
   publisher={Springer}
}

@article{grenouilleau2020,
   title={New decomposition methods for home care scheduling with predefined visits},
   author={Grenouilleau, Florian and Lahrichi, Nadia and Rousseau, Louis-Martin},
   journal={Computers \& Operations Research},
   volume={115},
   pages={104855},
   year={2020},
   publisher={Elsevier}
}

@article{hiermann2015,
   title={Metaheuristics for solving a multimodal home-healthcare scheduling problem},
   author={Hiermann, Gerhard and Prandtstetter, Matthias and Rendl, Andrea and Puchinger, Jakob and Raidl, G{\"u}nther R},
   journal={Central European Journal of Operations Research},
   volume={23},
   number={1},
   pages={89--113},
   year={2015},
   publisher={Springer}
}

@article{oncan2009,
   title={A comparative analysis of several asymmetric traveling salesman problem formulations},
   author={{\"O}ncan, Temel and Alt{\i}nel, {\.I} Kuban and Laporte, Gilbert},
   journal={Computers \& Operations Research},
   volume={36},
   number={3},
   pages={637--654},
   year={2009},
   publisher={Elsevier}
}
@article{helber2010,
   title={A fix-and-optimize approach for the multi-level capacitated lot sizing problem},
   author={Helber, Stefan and Sahling, Florian},
   journal={International Journal of Production Economics},
   volume={123},
   number={2},
   pages={247--256},
   year={2010},
   publisher={Elsevier}
}

@book{pochet2006,
   title={Production planning by mixed integer programming},
   author={Pochet, Yves and Wolsey, Laurence A},
   year={2006},
   publisher={Springer Science \& Business Media}
}


@article{mladenovic1997,
   title={Variable neighborhood search},
   author={Mladenovi{\'c}, Nenad and Hansen, Pierre},
   journal={Computers \& operations research},
   volume={24},
   number={11},
   pages={1097--1100},
   year={1997},
   publisher={Elsevier}
}

@incollection{hansen2014,
   title={Variable neighborhood search},
   author={Hansen, Pierre and Mladenovi{\'c}, Nenad},
   booktitle={Search methodologies},
   pages={313--337},
   year={2014},
   publisher={Springer}
}

@article{polnik2020,
   author = {Polnik, Mateusz and Riccardi, Annalisa and Akartunal, Kerem},
   doi = {10.1080/01605682.2020.1792365},
   issn = {0160-5682},
   journal = {Journal of the Operational Research Society},
   keywords = {constraint programming,health services,practice,scheduling,vehicle routing},
   month = {aug},
   number = {0},
   pages = {1--16},
   publisher = {Taylor \& Francis},
   title = {{A multistage optimisation algorithm for the large vehicle routing problem with time windows and synchronised visits}},
   url = {https://doi.org/10.1080/01605682.2020.1792365 https://www.tandfonline.com/doi/full/10.1080/01605682.2020.1792365},
   volume = {0},
   year = {2020}
}

@incollection{lasfargeas2019,
	title={Solving the home health care problem with temporal precedence and synchronization},
	author={Lasfargeas, Sophie and Gagn{\'e}, Caroline and Sioud, Aymen},
	booktitle={Bioinspired Heuristics for Optimization},
	pages={251--267},
	year={2019},
	publisher={Springer}
}

@book{ballou2007,
	title={Business logistics/supply chain management: planning, organizing, and controlling the supply chain},
	author={Ballou, Ronald H and Srivastava, Samir K},
	year={2007},
	publisher={Pearson Education India}
}

@article{gutierrez2008,
	title={Inventory management models in supply chains: A literature review},
	author={Guti{\'e}rrez, Valentina and Vidal, Carlos Julio},
	journal={Revista Facultad de Ingenier{\'\i}a Universidad de Antioquia},
	number={43},
	pages={134--149},
	year={2008},
	publisher={Universidad de Antioquia}
}

@inproceedings{kummer2020,
	title={A biased random key genetic algorithm applied to the VRPTW with skill requirements and synchronization constraints},
	author={Kummer, Alberto F and Buriol, Luciana S and de Ara{\'u}jo, Olinto CB},
	booktitle={Proceedings of the 2020 Genetic and Evolutionary Computation Conference},
	pages={717--724},
	year={2020}
}

@article{braysy2005,
	title={Vehicle routing problem with time windows, Part I: Route construction and local search algorithms},
	author={Br{\"a}ysy, Olli and Gendreau, Michel},
	journal={Transportation science},
	volume={39},
	number={1},
	pages={104--118},
	year={2005},
	publisher={INFORMS}
}

@article{decerle2018,
	author = {Decerle, J{\'{e}}r{\'{e}}my and Grunder, Olivier and {Hajjam El Hassani}, Amir and Barakat, Oussama},
	doi = {10.1016/j.orhc.2018.01.004},
	file = {:home/alberto/.local/share/data/Mendeley Ltd./Mendeley Desktop/Downloaded/Decerle et al. - 2018 - A memetic algorithm for a home health care routing and scheduling problem.pdf:pdf;::},
	issn = {22116923},
	journal = {Operations Research for Health Care},
	keywords = {Home health care,Memetic algorithm,Metaheuristics,Soft constraints,Temporal constraint},
	pages = {59--71},
	publisher = {Elsevier Ltd},
	title = {{A memetic algorithm for a home health care routing and scheduling problem}},
	url = {https://doi.org/10.1016/j.orhc.2018.01.004},
	volume = {16},
	year = {2018}
}

@article{bachouch2011,
   author = {Rym Ben Bachouch and Alain Guinet and Sonia Hajri-Gabouj},
   title = {A Decision-Making Tool for Home Health Care Nurses' Planning},
   journal = {Supply Chain Forum: An International Journal},
   volume = {12},
   number = {1},
   pages = {14-20},
   year  = {2011},
   publisher = {Taylor \& Francis},
   doi = {10.1080/16258312.2011.11517250},
   URL = {        https://doi.org/10.1080/16258312.2011.11517250},
   eprint = { https://doi.org/10.1080/16258312.2011.11517250}
}

@article{dohn2009,
   abstract = {In this paper, we consider the manpower allocation problem with time windows, job-teaming constraints and a limited number of teams (m-MAPTWTC). Given a set of teams and a set of tasks, the problem is to assign to each team a sequential order of tasks to maximize the total number of assigned tasks. Both teams and tasks may be restricted by time windows outside which operation is not possible. Some tasks require cooperation between teams, and all teams cooperating must initiate execution simultaneously. We present an integer programming model for the problem, which is decomposed using Dantzig–Wolfe decomposition. The problem is solved by column generation in a branch-and-price framework. Simultaneous execution of tasks is enforced by the branching scheme. To test the efficiency of the proposed algorithm, 12 realistic test instances are introduced. The algorithm is able to find the optimal solution in 11 of the test instances. The main contribution of this article is the addition of synchronization between teams in an exact optimization context. },
   author = {Dohn, Anders and Kolind, Esben and Clausen, Jens},
   file = {:home/alberto/Downloads/dohn2009.pdf:pdf},
   journal = {Computers \& Operations Research},
   number = {4},
   pages = {1145--1157},
   title = {{The manpower allocation problem with time windows and job-teaming constraints: A branch-and-price approach}},
   volume = {36},
   year = {2009}
}

@article{yuan2015,
   author = {Biao Yuan and Ran Liu and Zhibin Jiang},
   title = {A branch-and-price algorithm for the home health care scheduling and routing problem with stochastic service times and skill requirements},
   journal = {International Journal of Production Research},
   volume = {53},
   number = {24},
   pages = {7450-7464},
   year  = {2015},
   publisher = {Taylor \& Francis},
   doi = {10.1080/00207543.2015.1082041},
   URL = {https://doi.org/10.1080/00207543.2015.1082041},
   eprint = {https://doi.org/10.1080/00207543.2015.1082041}
}

@article{yalcindag2016,
   title={The patient assignment problem in home health care: using a data-driven method to estimate the travel times of care givers},
   author={Yal{\c{c}}{\i}nda{\u{g}}, Semih and Matta, Andrea and {\c{S}}ahin, Evren and Shanthikumar, J George},
   journal={Flexible Services and Manufacturing Journal},
   volume={28},
   number={1-2},
   pages={304--335},
   year={2016},
   publisher={Springer}
}

@article{trautsamwieser2011b,
   title={Securing home health care in times of natural disasters},
   author={Trautsamwieser, Andrea and Gronalt, Manfred and Hirsch, Patrick},
   journal={OR spectrum},
   volume={33},
   number={3},
   pages={787--813},
   year={2011},
   publisher={Springer}
}

@inproceedings{kergosien2009,
   title={Home health care problem: An extended multiple traveling salesman problem},
   author={Kergosien, Yannick and Lent{\'e}, Christophe and Billaut, Jean-Charles},
   booktitle={Proceedings of the 4th multidisciplinary international scheduling conference: theory and applications (MISTA 2009)},
   pages={85--92},
   year={2009}
}

@article{bredstrom2007,
   abstract = {In this paper we present a branch and price algorithm for the combined vehicle routing and scheduling problem with synchronization constraints. The synchronization constraints are used to model situations when two or more customers need simultaneous service. The synchronization constraints impose a temporal dependency between vehicles, and it follows that a classical decomposition of the vehicle routing and scheduling problem is not directly applicable. With our algorithm, we have solved 44 problems to optimality from the 60 problems used for numerical experiments. The algorithm performs time window branching, and the number of subproblem calls is kept low by adjustment of the columns service times.},
   author = {Bredstrom, David and Ronnqvist, Mikael},
   doi = {10.2139/ssrn.971726},
   file = {:home/alberto/.local/share/data/Mendeley Ltd./Mendeley Desktop/Downloaded/Bredstrom, Ronnqvist - 2007 - A Branch and Price Algorithm for the Combined Vehicle Routing and Scheduling Problem With Synchronization.pdf:pdf},
   issn = {1556-5068},
   journal = {SSRN Electronic Journal},
   number = {February},
   title = {{A Branch and Price Algorithm for the Combined Vehicle Routing and Scheduling Problem With Synchronization Constraints}},
   url = {http://www.ssrn.com/abstract=971726},
   year = {2007}
}

@article{grieco2020,
   title={Operational research applied to decisions in home health care: A systematic literature review},
   author={Grieco, Luca and Utley, Martin and Crowe, Sonya},
   journal={Journal of the Operational Research Society},
   pages={1--32},
   year={2020},
   publisher={Taylor \& Francis}
}


@article{andrade2021,
   title = {The Multi-Parent Biased Random-Key Genetic Algorithm with Implicit Path-Relinking and its real-world applications},
   journal = {European Journal of Operational Research},
   volume = {289},
   number = {1},
   pages = {17-30},
   year = {2021},
   issn = {0377-2217},
   author = {Carlos E. Andrade and Rodrigo F. Toso and José F. Gonçalves and Mauricio G.C. Resende},
   keywords = {Genetic algorithms, Path-relinking algorithms, Hybrid heuristics}
}

@article{pessoa2020,
   title={A generic exact solver for vehicle routing and related problems},
   author={Pessoa, Artur and Sadykov, Ruslan and Uchoa, Eduardo and Vanderbeck, Fran{\c{c}}ois},
   journal={Mathematical Programming},
   volume={183},
   number={1},
   pages={483--523},
   year={2020},
   publisher={Springer}
}

@article{nogueira2018,
   title={A hybrid iterated local search heuristic for the maximum weight independent set problem},
   author={Nogueira, Bruno and Pinheiro, Rian GS and Subramanian, Anand},
   journal={Optimization Letters},
   volume={12},
   number={3},
   pages={567--583},
   year={2018},
   publisher={Springer}
}

@article{vanhoucke2009,
   title = {On the characterization and generation of nurse scheduling problem instances},
   journal = {European Journal of Operational Research},
   volume = {196},
   number = {2},
   pages = {457-467},
   year = {2009},
   issn = {0377-2217},
   doi = {https://doi.org/10.1016/j.ejor.2008.03.044},
   url = {https://www.sciencedirect.com/science/article/pii/S0377221708003457},
   author = {Mario Vanhoucke and Broos Maenhout},
   keywords = {Nurse scheduling, Problem characterization}
}


@article{gonccalves2011art,
   title={Biased random-key genetic algorithms for combinatorial optimization},
   author={Gon{\c{c}}alves, Jos{\'e} Fernando and Resende, Mauricio GC},
   journal={Journal of Heuristics},
   volume={17},
   number={5},
   pages={487--525},
   year={2011},
   publisher={Springer}
}

@inproceedings{lucena2014-gd-mp,
   title={Some extensions of biased random-key genetic algorithms},
   author={Lucena, Marina L and Andrade, Carlos E and Resende, Mauricio GC and Miyazawa, Fl{\'a}vio K},
   booktitle={Proceedings of the 46th Brazilian Symposium of Operational Research},
   pages={1--12},
   year={2014}
}

@inproceedings{bresina1996-bias,
   title={Heuristic-biased stochastic sampling},
   author={Bresina, John L},
   booktitle={AAAI/IAAI, Vol. 1},
   pages={271--278},
   year={1996}
}


@Inbook{resende2016-pr,
   author="Resende, Mauricio G. C.
   and Ribeiro, Celso C.",
   title="Path-relinking",
   bookTitle="Optimization by GRASP: Greedy Randomized Adaptive Search Procedures",
   year="2016",
   publisher="Springer New York",
   address="New York, NY",
   pages="167--188",
   chapter="8",
   isbn="978-1-4939-6530-4"
}

@Inbook{glover1997-pr,
   author="Glover, Fred",
   title="Tabu Search and Adaptive Memory Programming --- Advances, Applications and Challenges",
   bookTitle="Interfaces in Computer Science and Operations Research: Advances in Metaheuristics, Optimization, and Stochastic Modeling Technologies",
   year="1997",
   publisher="Springer US",
   address="Boston, MA",
   pages="1--75",
   isbn="978-1-4615-4102-8",
   chapter="1",
   page="1--75"
}


@article{goncalves2020,
   author = {Gon{\c{c}}alves, Jos{\'{e}} Fernando and W{\"{a}}scher, Gerhard},
   doi = {10.1016/j.ejor.2020.04.028},
   file = {:home/alberto/.local/share/data/Mendeley Ltd./Mendeley Desktop/Downloaded/Gon{\c{c}}alves, W{\"{a}}scher - 2020 - A MIP model and a biased random-key genetic algorithm based approach for a two-dimensional cutting problem.pdf:pdf},
   issn = {03772217},
   journal = {European Journal of Operational Research},
   keywords = {BRKGA,Biased random-key genetic algorithm,Cutting,Non-guillotine,Packing,Two-dimensional,defects},
   month = {nov},
   number = {3},
   pages = {867--882},
   title = {{A MIP model and a biased random-key genetic algorithm based approach for a two-dimensional cutting problem with defects}},
   url = {https://linkinghub.elsevier.com/retrieve/pii/S0377221720303623},
   volume = {286},
   year = {2020}
}

@article{uma2006,
   title={On the relationship between combinatorial and LP-based lower bounds for NP-hard scheduling problems},
   author={Uma, RN and Wein, Joel and Williamson, David P},
   journal={Theoretical computer science},
   volume={361},
   number={2-3},
   pages={241--256},
   year={2006},
   publisher={Elsevier}
}

@MISC {cplex201-documentation,
   author       = "{IBM}",
   title        = "IBM ILOG CPLEX Optimization Studio 20.1",
   howpublished = "\url{https://community.ibm.com/community/user/datascience/blogs/xavier-nodet1/2020/12/11/cos-201-is-available}",
   month        = "dec",
   year         = "2020",
   note         = "Accessed on March 31, 2021"
}

@article{ruiz2019,
   title={Solving the open vehicle routing problem with capacity and distance constraints with a biased random key genetic algorithm},
   author={Ruiz, Efrain and Soto-Mendoza, Valeria and Barbosa, Alvaro Ernesto Ruiz and Reyes, Ricardo},
   journal={Computers \& Industrial Engineering},
   volume={133},
   pages={207--219},
   year={2019},
   publisher={Elsevier}
}


@article{eggensperger2019-aac-best-practices,
   title={Pitfalls and Best Practices in Algorithm Configuration},
   author={Katharina Eggensperger and Marius Lindauer and Frank Hutter},
   year={2019},
   journal={arXiv.},
   note={Available in \url{https://arxiv.org/abs/1705.06058v3}}
}

@article{sartori2020-pdptw,
   title={A study on the pickup and delivery problem with time windows: Matheuristics and new instances},
   author={Sartori, Carlo S and Buriol, Luciana S},
   journal={Computers \& Operations Research},
   volume={124},
   pages={105065},
   year={2020},
   publisher={Elsevier}
}

@article{liu2019adaptive,
   title={An adaptive large neighborhood search heuristic for the vehicle routing problem with time windows and synchronized visits},
   author={Liu, Ran and Tao, Yangyi and Xie, Xiaolei},
   journal={Computers \& Operations Research},
   volume={101},
   pages={250--262},
   year={2019},
   publisher={Elsevier}
}
